@article{lee2021surrogate,
  title={A surrogate loss function for optimization of ${F}_\beta$ score in binary classification with imbalanced data},
  author={Lee, Namgil and Yang, Heejung and Yoo, Hojin},
  journal={arXiv preprint arXiv:2104.01459},
  year={2021}
}
@book{van1979information,
  author = {Rijsbergen, C. J. Van},
  edition = {2nd},
  title = {Information Retrieval},
  year = 1979
}
@misc{kingma2017adammethodstochasticoptimization,
      title={Adam: A Method for Stochastic Optimization},
      author={Diederik P. Kingma and Jimmy Ba},
      year={2017},
      eprint={1412.6980},
      archivePrefix={arXiv},
      primaryClass={cs.LG},
      url={https://arxiv.org/abs/1412.6980},
}
@misc{cruttwell2024deeplearningparametriclenses,
      title={Deep Learning with Parametric Lenses}, 
      author={Geoffrey S. H. Cruttwell and Bruno Gavranovic and Neil Ghani and Paul Wilson and Fabio Zanasi},
      year={2024},
      eprint={2404.00408},
      archivePrefix={arXiv},
      primaryClass={cs.LG},
      url={https://arxiv.org/abs/2404.00408}, 
}
@article{marchetti2022score,
  title={Score-oriented loss (sol) functions},
  author={Marchetti, Francesco and Guastavino, Sabrina and Piana, Michele and Campi, Cristina},
  journal={Pattern Recognition},
  volume={132},
  pages={108913},
  year={2022},
  publisher={Elsevier}
}
