@article{lee2021surrogate,
  title={A surrogate loss function for optimization of ${F}_\beta$ score in binary classification with imbalanced data},
  author={Lee, Namgil and Yang, Heejung and Yoo, Hojin},
  journal={arXiv preprint arXiv:2104.01459},
  year={2021}
}
@book{van1979information,
  author = {Rijsbergen, C. J. Van},
  edition = {2nd},
  title = {Information Retrieval},
  year = 1979
}
@misc{kingma2017adammethodstochasticoptimization,
      title={Adam: A Method for Stochastic Optimization},
      author={Diederik P. Kingma and Jimmy Ba},
      year={2017},
      eprint={1412.6980},
      archivePrefix={arXiv},
      primaryClass={cs.LG},
      url={https://arxiv.org/abs/1412.6980},
}
